@misc{Spectrum,
author = {Spectrum},
title = {{ADC and Resolution}},
url = {https://spectrum-instrumentation.com/en/adc-and-resolution},
urldate = {2021-02-17}
}
@misc{Hall2020,
author = {Hall, Brayton},
booktitle = {Towards Data Science},
title = {{The Reasoning Behind Bessel's Correction: n-1}},
url = {https://towardsdatascience.com/the-reasoning-behind-bessels-correction-n-1-eeea25ec9bc9},
urldate = {2021-02-17},
year = {2020}
}
@misc{DSALecture01,
author = {Kirkelund, Gunvor Elisabeth},
month = {feb},
title = {{DSA 01: Midlingsfiltre}},
year = {2021}
}
@book{DigitalSignalProcessing,
abstract = {From the Publisher:This is undoubtedly the most accessible book on digital signal processing (DSP) available to the beginner. Using intuitive explanations and well-chosen examples, this book gives you the tools to develop a fundamental understanding of DSP theory. The author covers the essential mathematics by explaining the meaning and significance of the key DSP equations. Comprehensive in scope, and gentle in approach, the book will help you achieve a thorough grasp of the basics and move gradually to more sophisticated DSP concepts and applications.},
address = {USA},
author = {Lyons, Richard G},
edition = {3rd},
isbn = {978-81-317-6436-7},
publisher = {Addison-Wesley Longman Publishing Co., Inc.},
title = {{Understanding Digital Signal Processing}},
year = {2019}
}
@techreport{Low-CostWeighScalesAnalog2005,
author = {{Analog Device} and Slattery, Colm and Nie, Mariah},
file = {::},
keywords = {Analog Dialogue 39-12,December (2005)},
pages = {1},
title = {{A Reference Design for High-Performance, Low-Cost Weigh Scales}},
url = {http://www.analog.com/analogdialogue},
year = {2005}
}
@article{ASDEx2Transistor,
author = {Kj{\ae}r, Martin Ansbjerg},
doi = {10.1109/isscc.1956.1154470},
file = {::},
pages = {16--16},
title = {{E4ASD – Ex2 – Transistor DC}},
year = {2005}
}
@article{ASDEx1Diode,
author = {Kj{\ae}r, Martin Ansbjerg},
file = {::},
pages = {1--7},
title = {{E4ASD – Ex1 – Diode}},
year = {2020}
}
@article{Skogberg2016,
archivePrefix = {arXiv},
arxivId = {Skogberg, T. (2016) ‘T-005 Tore Skogberg 2016', pp. 1–359.},
author = {Skogberg, Tore},
eprint = {Skogberg, T. (2016) ‘T-005 Tore Skogberg 2016', pp. 1–359.},
file = {::},
pages = {1--359},
title = {{Analog Teknik}},
year = {2016}
}
@misc{,
title = {{Mendeley Reference Manager}},
urldate = {2021-02-06}
}
@book{Vestergaard1963,
author = {Limann, Otto and Vestergaard, T},
pages = {360},
publisher = {FORLAGET IVAR- TEKNISK LITTERATUR},
title = {{Element{\ae}r Radioteknik}},
year = {1963}
}
@book{Horowitz2015,
address = {Cambridge},
author = {Horowitz, Paul and Hill, Winfield},
edition = {3rd},
file = {::},
publisher = {Cambridge University Press},
title = {{The art of electronics; 3rd ed.}},
url = {https://cds.cern.ch/record/1981307},
year = {2015}
}
@book{Hayes2016,
address = {Cambridge},
author = {Hayes, Thomas C and Horowitz, Paul},
publisher = {Cambridge University Press},
title = {{Learning the Art of Electronics: a hands-on lab course}},
url = {https://cds.cern.ch/record/2126969},
year = {2016}
}
@book{Horowitz2016,
address = {Cambridge},
author = {Horowitz, Paul and Hill, Winfield},
publisher = {Cambridge University Press},
title = {{The Art of Electronics: the X chapters}},
url = {https://cds.cern.ch/record/2707267},
year = {2016}
}
@misc{ONSemiconductor2001,
author = {{ON Semiconductor}},
file = {:D$\backslash$:/au{\_}exercises/asd/ASD{\_}Exercise{\_}02{\_}DC{\_}Transistor/Datablade/BF256A-D.pdf:pdf},
title = {{BF256A JFET - General Purpose}},
year = {2001}
}
@misc{Fairchild2014,
author = {Fairchild},
file = {:D$\backslash$:/au{\_}exercises/asd/ASD{\_}Exercise{\_}02{\_}DC{\_}Transistor/Datablade/BC547-190204.pdf:pdf},
title = {{BC546 / BC547 / BC548 / BC549 / BC550 NPN Epitaxial Silicon Transistor}},
year = {2014}
}
